% This file was created with JabRef 2.10.
% Encoding: Cp1252


@Misc{Abran,
  Title                    = {Consolidating the ISO Usability Models},

  Author                   = {Alain Abran and Adel Khelifi and Witold Suryn and Ahmed Seffah},
  Year                     = {2003},

  Owner                    = {ikaps},
  Timestamp                = {2015.02.10}
}

@Misc{Doug,
  Title                    = {Student and staff perceptions of the effectiveness of plagiarism detection software},

  Author                   = {Doug Atkinson and Sue Yeoh},
  Note                     = {[Online]. Accessed on 24 December 2014. Available : \url{http://www.ascilite.org.au/ajet/ajet24/atkinson.html} .},
  Year                     = {2008},

  Owner                    = {ikaps},
  Timestamp                = {2014.12.24}
}

@Misc{Barnbaum,
  Title                    = {A Student's Guide to Recognizing It and Avoiding It},

  Author                   = {C Barnbaum},
  Note                     = {[Online]. Accessed on 26 December 2014. Available : \url{http://ww2.valdosta.edu/~cbarnbau/personal/teaching_MISC/plagiarism.htm} .},
  Year                     = {2014},

  Owner                    = {ikaps},
  Timestamp                = {2014.12.26}
}

@Book{Barry,
  Title                    = {Beginning Programming with Java® For Dummies},
  Author                   = {Barry Burd},
  Publisher                = {John Wiley \& Sons, Inc.},
  Year                     = {2012},
  Edition                  = {3},

  Owner                    = {ikaps},
  Timestamp                = {2015.01.05}
}

@Misc{StephenCass,
  Title                    = {Top 10 Programming Languages},

  Author                   = {Stephen Cass},
  Month                    = {July},
  Note                     = {[Online]. Accessed on 22 December 2014. Available : \url{http://spectrum.ieee.org/computing/software/top-10-programming-languages} .},
  Year                     = {2014},

  Owner                    = {ikaps},
  Timestamp                = {2014.12.22}
}

@MastersThesis{Georgina,
  Title                    = {An Approach to Source-Code Plagiarism Detection and Investigation Using Latent Semantic Analysis},
  Author                   = {Georgina Cosma},
  School                   = {University of Warwick},
  Year                     = {2008},
  Month                    = {July},

  Owner                    = {ikaps},
  Timestamp                = {2014.12.29}
}

@Misc{GeorginaMike,
  Title                    = {Towards a Definition of Source-Code Plagiarism},

  Author                   = {Georgina Cosma and Mike Joy},
  HowPublished             = {IEEE},
  Note                     = {[Online]. Accessed on 28 December 2014. Available : \url{http://eprints.dcs.warwick.ac.uk/121/1/cosma_joy_ieeetoe_51.pdf} .},
  Year                     = {2008},

  Owner                    = {ikaps},
  Timestamp                = {2014.12.28}
}

@Misc{Dalibor,
  Title                    = {INSTALLING, CONFIGURING, AND DEVELOPING WITH XAMPP},

  Author                   = {Dalibor D. Dvorski},
  Note                     = {[Online]. Accessed on 12 January 2015. Available : \url{http://dalibor.dvorski.net/downloads/docs/InstallingConfiguringDevelopingWithXAMPP.pdf} .},
  Year                     = {2007},

  Owner                    = {ikaps},
  Timestamp                = {2015.01.12}
}

@Misc{Sugiyanto,
  Title                    = {Plagiarisme Musuh Bersamas},

  Author                   = {Sugiyanto Fx},
  Month                    = {February},
  Note                     = {[Online]. Accessed on 18 December 2014. Available : \url{http://eprints.undip.ac.id/7031/} .},
  Year                     = {2010},

  Owner                    = {ikaps},
  Timestamp                = {2014.12.18}
}

@Book{Christopher,
  Title                    = {The thieves of academe: Plagiarism in the university system},
  Author                   = {Christopher S. Hawley},
  Publisher                = {Routledge},
  Year                     = {1984},
  Volume                   = {32},

  Owner                    = {ikaps},
  Timestamp                = {2014.12.24}
}

@Article{Ameera,
  Title                    = {PDE4Java: Plagiarism Detection Engine for Java Source Code: A Clustering Approach},
  Author                   = {Ameera Jadalla and Ashraf Elnagar},
  Journal                  = {Journal of Business Intelligence and Data Mining},
  Year                     = {2008},

  Month                    = {September},
  Pages                    = {121-135},
  Volume                   = {3},

  Owner                    = {ikaps},
  Timestamp                = {2014.12.23}
}

@Misc{Joe,
  Title                    = {7 Famous Plagiarism Cases - and How to Avoid Being a Business Plagiarism Victim},

  Author                   = {joe moriarty},
  Month                    = {July},
  Year                     = {2012},

  Owner                    = {ikaps},
  Timestamp                = {2014.12.26}
}

@Book{Lars,
  Title                    = {Academic Integrity \& Academic Dishonesty: A Handbook About Cheating \& Plagiarism},
  Author                   = {Lars R. Jones},
  Publisher                = {Florida Institute of Technology},
  Year                     = {2011},
  Edition                  = {Revised \& Expanded Edition},
  Note                     = {[Online]. Accessed on 26 December ,2014. Available : \url{http://www.fit.edu/current/documents/plagiarism.pdf} .},

  Owner                    = {ikaps},
  Timestamp                = {2014.12.26}
}

@MastersThesis{Meichelbecks,
  Title                    = {Development of a Plagiarism Detection Software},
  Author                   = {Meichelbeck Julien},
  School                   = {Turku University of Applied Sciences},
  Year                     = {2012},
  Month                    = {June},
  Note                     = {[Online]. Accessed on 22 December ,2014. Available : \url{ http://www.theseus.fi/bitstream/handle/10024/47453/meichelbeck_julien_thesis.pdf} .},

  Owner                    = {ikaps},
  Timestamp                = {2014.12.22}
}

@Misc{Anugrah,
  Title                    = {Internet Has Increased College Plagiarism, Pew Study Finds},

  Author                   = {Anugrah Kumar},
  Month                    = {September},
  Note                     = {[Online]. Accessed on 22 December 2014. Available : \url{http://www.christianpost.com/news/internet-has-increased-college-plagiarism-pew-study-finds-55060/} .},
  Year                     = {2011},

  Owner                    = {ikaps},
  Timestamp                = {2014.12.22}
}

@MastersThesis{Ahmad,
  Title                    = {Plagiarism Detection in Java Code},
  Author                   = {Ahmad Gull Liaqat and Aijaz Ahmad},
  School                   = {Linnaeus University},
  Year                     = {2011},
  Month                    = {June},
  Note                     = {[Online]. Accessed on 26 December ,2014. Available : \url{http://www.diva-portal.org/smash/get/diva2:428025/FULLTEXT01.pdf} .},

  Owner                    = {ikaps},
  Timestamp                = {2014.12.26}
}

@Book{Robert,
  Title                    = {UML for Java Programmers},
  Author                   = {Robert Cecil Martin},
  Publisher                = {Prentice Hall},
  Year                     = {2002},

  Owner                    = {ikaps},
  Timestamp                = {2014.12.26}
}

@MastersThesis{Ceshanto,
  Title                    = {Pengembagan Aplikasi Spelling Checker Berbahasa Indonesia dengan menggunakan Netbeans IDE 6.8},
  Author                   = {Ceshanto Bayu N.},
  School                   = {Gunadarma University},
  Year                     = {2012},

  Owner                    = {ikaps},
  Timestamp                = {2014.12.27}
}

@MastersThesis{Regina,
  Title                    = {Peningkatan Kemampuan Aplikasi Pendeteksi Plagiarisme pada Kode Program
Berbahasa Pemprograman C dengan Algoritma Boyer Moore dan Brute Force},
  Author                   = {Regina Natalia},
  School                   = {Binus University},
  Year                     = {2011},

  Owner                    = {ikaps},
  Timestamp                = {2014.12.18}
}

@Misc{Netbeans,
  Author                   = {NetBeansTeam},
  Note                     = {[Online]. Accessed on 27 December 2014. Available : \url{https://netbeans.org/} .},
  Year                     = {2013},

  Owner                    = {ikaps},
  Timestamp                = {2014.12.27}
}

@Misc{Numjava,
  Title                    = {Number of Java Developers},

  Author                   = {numberof.net},
  Month                    = {May},
  Note                     = {[Online]. Accessed on 17 December 2014. Available : \url{http://www.numberof.net/number-of-java-developers/} .},
  Year                     = {2010},

  Owner                    = {ikaps},
  Timestamp                = {2014.12.18}
}

@Misc{PhpMyAdmin,
  Title                    = {Bringing MySQL to the web},

  Author                   = {PHPMyAdmin},
  Note                     = {[Online]. Accessed on17 January 2015. Available : \url{http://www.phpmyadmin.net/home_page/index.php} .},
  Year                     = {2008},

  Owner                    = {ikaps},
  Timestamp                = {2015.01.17}
}

@Misc{Rahul,
  Title                    = {Difference Between NetBeans IDE \& NetBeans Platform},

  Author                   = {Rahul Raja},
  Month                    = {October},
  Note                     = {[Online]. Accessed on 28 December 2014. Available : \url{http://rahulrraja.wordpress.com/2010/10/04/difference-between-netbeans-ide-netbeans-platform/} .},
  Year                     = {2011},

  Owner                    = {ikaps},
  Timestamp                = {2014.12.28}
}

@Misc{rosettacode,
  Title                    = {Levenshtein distance},

  Author                   = {rosettacodeTeam},
  Month                    = {January},
  Note                     = {[Online]. Accessed on 27 January 2015 Available : \url{http://rosettacode.org/wiki/Levenshtein_distance} .},
  Year                     = {2014},

  Owner                    = {ikaps},
  Timestamp                = {2015.01.27}
}

@Book{James,
  Title                    = {The Unified Modeling Language Reference Manual},
  Author                   = {James Rumbaugh and Ivar Jacobson and Grady Booch},
  Editor                   = {J. Carter Shanklin},
  Publisher                = {Addison Wesley Longman},
  Year                     = {1999},

  Owner                    = {ikaps},
  Timestamp                = {2014.12.26}
}

@Book{Elango,
  Title                    = {Computer Science vol 1},
  Author                   = {Dr. Elango S and Dr. Jothi A and Mr. Malaiarasu and Dr. Ramachandran V and Dr. Rhymend Uthariaraj V},
  Publisher                = {Tamilnadu Textbook Corporation},
  Year                     = {2005},

  Owner                    = {ikaps},
  Timestamp                = {2014.12.17}
}

@Misc{Michaelsen,
  Title                    = {Salah Kaprah Plagiarisme: Kesamaan Vs Plagiat},

  Author                   = {Michael Sendow},
  Month                    = {March},
  Note                     = {[Online]. Accessed on 18 December 2014. Available : \url{http://edukasi.kompasiana.com/2011/03/21/salah-kaprah-plagiarisme-kesamaan-vs-plagiat-349166.html} .},
  Year                     = {2011},

  Owner                    = {ikaps},
  Timestamp                = {2014.12.18}
}

@Misc{TutorialJava,
  Title                    = {Java Tutorial},

  Author                   = {tutorialspoint.com},
  Note                     = {[Online]. Accessed on 8 December 2014. Available : \url{http://www.tutorialspoint.com/java/java_tutorial.pdf} .},
  Year                     = {2014},

  Owner                    = {ikaps},
  Timestamp                = {2014.12.18}
}

@Misc{TutorialJDBC,
  Title                    = {JDBC Tutorial},

  Author                   = {tutorialspoint.com},
  Note                     = {[Online]. Accessed on 12 January 2015. Available : \url{http://www.tutorialspoint.com/jdbc/jdbc_tutorial.pdf} .},
  Year                     = {2014},

  Owner                    = {ikaps},
  Timestamp                = {2015.01.12}
}

@Misc{TutorialMYSQL,
  Title                    = {MYSQL Tutorial},

  Author                   = {tutorialspoint.com},
  Note                     = {[Online]. Accessed on 12 January 2015. Available : \url{http://www.tutorialspoint.com/mysql/mysql_tutorial.pdf} .},
  Year                     = {2014},

  Owner                    = {ikaps},
  Timestamp                = {2015.01.12}
}

@Misc{TutorialUML,
  Title                    = {UML Tutorial},

  Author                   = {tutorialspoint.com},
  Note                     = {[Online]. Accessed on 8 December 2014. Available : \url{http://www.tutorialspoint.com/uml/uml_tutorial.pdf} .},
  Year                     = {2014},

  Owner                    = {ikaps},
  Timestamp                = {2014.12.27}
}

@Misc{Mumbai,
  Title                    = {INTRODUCTION TO C++},

  Author                   = {UniversityofMumbai},
  Note                     = {[Online]. Accessed on 8 December 2014. Available : \url{http://myitweb.weebly.com/introduction-to-c-programming.html} .},
  Year                     = {2014},

  Owner                    = {ikaps},
  Timestamp                = {2014.12.27}
}

@Book{Frederic,
  Title                    = {Levenshtein Distance},
  Editor                   = {Frederic P. Miller and Agnes F. Vandome and John McBrewster},
  Publisher                = {VDM Publishing},
  Year                     = {2009},

  Owner                    = {ikaps},
  Timestamp                = {2014.12.23}
}

